@article{raghava2014comparative,
  keywords={Reference},
  title={Comparative study on load balancing techniques in cloud computing},
  author={Raghava, NS and Singh, Deepti},
  journal={Open journal of mobile computing and cloud computing},
  volume={1},
  number={1},
  pages={18--25},
  year={2014},
  publisher={Citeseer}
}

@inproceedings{velde2017advanced,
  keywords={Reference},
  title={An advanced algorithm for load balancing in cloud computing using fuzzy technique},
  author={Velde, Venkateshwarlu and Rama, B},
  booktitle={2017 International Conference on Intelligent Computing and Control Systems (ICICCS)},
  pages={1042--1047},
  year={2017},
  organization={IEEE}
}

  @inproceedings{cheng2015memory,
  keywords={Reference},
  title={An in-memory object caching framework with adaptive load balancing},
  author={Cheng, Yue and Gupta, Aayush and Butt, Ali R},
  booktitle={Proceedings of the Tenth European Conference on Computer Systems},
  pages={1--16},
  year={2015}
}

@inproceedings{hong2013understanding,
  keywords={Reference},
  title={Understanding and mitigating the impact of load imbalance in the memory caching tier},
  author={Hong, Yu-Ju and Thottethodi, Mithuna},
  booktitle={Proceedings of the 4th annual Symposium on Cloud Computing},
  pages={1--17},
  year={2013}
  }
  

@article{kumar2013load,
  title={Load balancing using ant colony in cloud computing},
  author={Kumar, Ranjan and Sahoo, G},
  journal={arXiv preprint arXiv:1312.2074},
  year={2013}
}

@inproceedings{chavan2014clustered,
  keywords={Reference},
  title={Clustered virtual machines for higher availability of resources with improved scalability in cloud computing},
  author={Chavan, Vinay and Kaveri, Parag Ravikant},
  booktitle={2014 First International Conference on Networks \& Soft Computing (ICNSC2014)},
  pages={221--225},
  year={2014},
  organization={IEEE}
}

@inproceedings{bagwaiya2014hybrid,
  title={Hybrid approach using throttled and ESCE load balancing algorithms in cloud computing},
  author={Bagwaiya, Vishwas and Raghuwanshi, Sandeep K},
  booktitle={2014 International Conference on Green Computing Communication and Electrical Engineering (ICGCCEE)},
  pages={1--6},
  year={2014},
  organization={IEEE}
}

@article{issawi2015efficient,
  title={An efficient adaptive load balancing algorithm for cloud computing under Bursty workloads},
  author={Issawi, M and El-Halees, Alaa M},
  journal={Engineering, Technology and Applied Science Research},
  volume={5},
  number={3},
  year={2015},
  publisher={etasr}
}

@inproceedings{arabnejad2017fuzzy,
  title={A fuzzy load balancer for adaptive fault tolerance management in cloud platforms},
  author={Arabnejad, Hamid and Pahl, Claus and Estrada, Giovani and Samir, Areeg and Fowley, Frank},
  booktitle={European Conference on Service-Oriented and Cloud Computing},
  pages={109--124},
  year={2017},
  organization={Springer}
}

@article{rashmi2012enhanced,
  title={Enhanced load balancing approach to avoid deadlocks in cloud},
  author={Rashmi, KS and Suma, V and Vaidehi, M},
  journal={arXiv preprint arXiv:1209.6470},
  year={2012}
}

@incollection{belgaum2018cloud,
  title={Cloud service ranking using checkpoint-based load balancing in real-time scheduling of cloud computing},
  author={Belgaum, Mohammad Riyaz and Soomro, Safeeullah and Alansari, Zainab and Alam, Muhammad},
  booktitle={Progress in Advanced Computing and Intelligent Engineering},
  pages={667--676},
  year={2018},
  publisher={Springer}
}

@inproceedings{razali2014virtual,
  title={Virtual machine migration implementation in load balancing for Cloud computing},
  author={Razali, Rabiatul Addawiyah Mat and Ab Rahman, Ruhani and Zaini, Norliza and Samad, Mustaffa},
  booktitle={2014 5th International Conference on Intelligent and Advanced Systems (ICIAS)},
  pages={1--4},
  year={2014},
  organization={IEEE}
}

@article{mahalle2013load,
  title={Load balancing on cloud data centres},
  author={Mahalle, Hemant S and Kaveri, Parag R and Chavan, Vinay},
  journal={International Journal of advanced research in computer science and software engineering},
  volume={3},
  number={1},
  year={2013}
}
@inproceedings{aslam2015load,
  title={Load balancing algorithms in cloud computing: A survey of modern techniques},
  author={Aslam, Sidra and Shah, Munam Ali},
  booktitle={2015 National software engineering conference (NSEC)},
  pages={30--35},
  year={2015},
  organization={IEEE}
}

@article{sidhu2013analysis,
  title={Analysis of load balancing techniques in cloud computing},
  author={Sidhu, Amandeep Kaur and Kinger, Supriya},
  journal={International Journal of computers \& technology},
  volume={4},
  number={2},
  pages={737--741},
  year={2013}
}

@article{zhang2018survey,
  title={A survey on virtual machine migration: Challenges, techniques, and open issues},
  author={Zhang, Fei and Liu, Guangming and Fu, Xiaoming and Yahyapour, Ramin},
  journal={IEEE Communications Surveys \& Tutorials},
  volume={20},
  number={2},
  pages={1206--1243},
  year={2018},
  publisher={IEEE}
}

@article{singh2015autonomous,
  title={Autonomous agent based load balancing algorithm in cloud computing},
  author={Singh, Aarti and Juneja, Dimple and Malhotra, Manisha},
  journal={Procedia Computer Science},
  volume={45},
  pages={832--841},
  year={2015},
  publisher={Elsevier}
}

@inproceedings{kaur2012load,
  title={Load balancing in cloud computing},
  author={Kaur, Rajwinder and Luthra, Pawan},
  booktitle={Proceedings of international conference on recent trends in information, telecommunication and computing, ITC},
  year={2012},
  organization={Citeseer}
}

@article{ray2012execution,
  title={Execution analysis of load balancing algorithms in cloud computing environment},
  author={Ray, Soumya and De Sarkar, Ajanta},
  journal={International Journal on Cloud Computing: Services and Architecture (IJCCSA)},
  volume={2},
  number={5},
  pages={1--13},
  year={2012}
}

@article{xu2013load,
  title={A load balancing model based on cloud partitioning for the public cloud},
  author={Xu, Gaochao and Pang, Junjie and Fu, Xiaodong},
  journal={Tsinghua Science and Technology},
  volume={18},
  number={1},
  pages={34--39},
  year={2013},
  publisher={TUP}
}

@inproceedings{chaczko2011availability,
  title={Availability and load balancing in cloud computing},
  author={Chaczko, Zenon and Mahadevan, Venkatesh and Aslanzadeh, Shahrzad and Mcdermid, Christopher},
  booktitle={International Conference on Computer and Software Modeling, Singapore},
  volume={14},
  pages={134--140},
  year={2011},
  organization={IACSIT Press}
}

@article{weng2020optimal,
  title={Optimal load balancing with locality constraints},
  author={Weng, Wentao and Zhou, Xingyu and Srikant, R},
  journal={Proceedings of the ACM on Measurement and Analysis of Computing Systems},
  volume={4},
  number={3},
  pages={1--37},
  year={2020},
  publisher={ACM New York, NY, USA}
}

@inproceedings{shi2020concury,
  title={Concury: a fast and light-weight software cloud load balancer},
  author={Shi, Shouqian and Yu, Ye and Xie, Minghao and Li, Xin and Li, Xiaozhou and Zhang, Ying and Qian, Chen},
  booktitle={Proceedings of the 11th ACM Symposium on Cloud Computing},
  pages={179--192},
  year={2020}
}

@inproceedings{fang2010task,
  title={A task scheduling algorithm based on load balancing in cloud computing},
  author={Fang, Yiqiu and Wang, Fei and Ge, Junwei},
  booktitle={International conference on web information systems and mining},
  pages={271--277},
  year={2010},
  organization={Springer}
}

@article{kumar2019issues,
  title={Issues and challenges of load balancing techniques in cloud computing: A survey},
  author={Kumar, Pawan and Kumar, Rakesh},
  journal={ACM Computing Surveys (CSUR)},
  volume={51},
  number={6},
  pages={1--35},
  year={2019},
  publisher={ACM New York, NY, USA}
}

@phdthesis{cordingly2021serverless,
  title={Serverless Performance Modeling with CPU Time Accounting and the Serverless Application Analytics Framework},
  author={Cordingly, Robert William},
  year={2021}
}

@inproceedings{anwar2015taming,
  title={Taming the cloud object storage with mos},
  author={Anwar, Ali and Cheng, Yue and Gupta, Aayush and Butt, Ali R},
  booktitle={Proceedings of the 10th Parallel Data Storage Workshop},
  pages={7--12},
  year={2015}
}